@misc{strangethought2025_secm_2025,
  author       = {Strangethought2025},
  title        = {{SECM: Societal Evolution Computational Model v0.4 (Alpha)}},
  year         = {2025},
  version      = {v0.4},
  publisher    = {Zenodo},
  doi          = {10.5281/zenodo.16625001},
  url          = {https://doi.org/10.5281/zenodo.16625001},
  note         = {CC BY-NC 4.0 License}
}
